<record><leader>00000cas a2200000 a 4500</leader><controlfield tag="001">12157126</controlfield><controlfield tag="008">850614d19191941ksuwr ne      0    0eng d</controlfield><datafield ind1=" " ind2=" " tag="010"><subfield code="a">sn 85030486 </subfield></datafield><datafield ind1=" " ind2=" " tag="040"><subfield code="a">KSH</subfield><subfield code="b">eng</subfield><subfield code="c">KSH</subfield><subfield code="d">NPT</subfield><subfield code="d">OCL</subfield><subfield code="d">OCLCQ</subfield></datafield><datafield ind1=" " ind2=" " tag="042"><subfield code="a">msc</subfield></datafield><datafield ind1="0" ind2="4" tag="245"><subfield code="a">The Dwight advance.</subfield></datafield><datafield ind1=" " ind2=" " tag="260"><subfield code="a">Dwight, Kan. :</subfield><subfield code="b">Fred R. Betry,</subfield><subfield code="c">1919-</subfield></datafield><datafield ind1=" " ind2=" " tag="300"><subfield code="a">v. :</subfield><subfield code="b">ill. ;</subfield><subfield code="c">51 cm.</subfield></datafield><datafield ind1=" " ind2=" " tag="310"><subfield code="a">Weekly</subfield></datafield><datafield ind1="0" ind2=" " tag="362"><subfield code="a">Vol. 1, no. 1 (June 25, 1919)-</subfield></datafield><datafield ind1="1" ind2=" " tag="362"><subfield code="a">Ceased in 1941?</subfield></datafield><datafield ind1=" " ind2=" " tag="500"><subfield code="a">Published at Wilsey, Kan., June 6, 1940-Sept. 18, 1941.</subfield></datafield><datafield ind1=" " ind2=" " tag="500"><subfield code="a">Published by: G.W. Edwards, Nov. 3, 1921-Jan. 26, 1922; Allen Dasher, Feb. 2, 1922-Mar. 21, 1940; George G. Edgerton, Apr. 14, 1940.</subfield></datafield><datafield ind1=" " ind2=" " tag="752"><subfield code="a">United States</subfield><subfield code="b">Kansas</subfield><subfield code="c">Morris</subfield><subfield code="d">Dwight.</subfield></datafield><datafield ind1=" " ind2=" " tag="752"><subfield code="a">United States</subfield><subfield code="b">Kansas</subfield><subfield code="c">Morris</subfield><subfield code="d">Wilsey.</subfield></datafield></record>